<collection xmlns="http://www.loc.gov/MARC21/slim">
<record>
  <leader>01190nam0a22002531i 450 </leader>
  <controlfield tag="001">IT\ICCU\CNCE\078686</controlfield>
  <controlfield tag="005">20140826000000.0</controlfield>
  <datafield tag="012" ind1=" " ind2=" ">
    <subfield code="a">i-le fuvn a.la quSi (3) 1598 (R)</subfield>
    <subfield code="2">fei</subfield>
  </datafield>
  <datafield tag="100" ind1=" " ind2=" ">
    <subfield code="a">20140826d1598        0itac0103    ba</subfield>
  </datafield>
  <datafield tag="101" ind1=" " ind2=" ">
    <subfield code="a">ITA</subfield>
  </datafield>
  <datafield tag="102" ind1=" " ind2=" ">
    <subfield code="a">AT</subfield>
  </datafield>
  <datafield tag="200" ind1="1" ind2=" ">
    <subfield code="a">℗Il ℗viaggio del molto illustre signor. Giouanni Christophoro Taifel, barone in Gunderstorff Austriaco, fatto di Constantinopoli verso Levante ...</subfield>
  </datafield>
  <datafield tag="210" ind1=" " ind2=" ">
    <subfield code="a">In Vienna</subfield>
    <subfield code="c">appresso Francesco Kolbio</subfield>
    <subfield code="d">1598</subfield>
  </datafield>
  <datafield tag="215" ind1=" " ind2=" ">
    <subfield code="a">\4!, 157, \1! p.</subfield>
    <subfield code="d">4ʻ</subfield>
  </datafield>
  <datafield tag="620" ind1=" " ind2=" ">
    <subfield code="a">AT</subfield>
    <subfield code="d">Vienna</subfield>
  </datafield>
  <datafield tag="700" ind1=" " ind2="1">
    <subfield code="a">Teufel,</subfield>
    <subfield code="b">Johannes Christoph von</subfield>
    <subfield code="3">IT\ICCU\CNCA\029904</subfield>
  </datafield>
  <datafield tag="712" ind1="0" ind2="0">
    <subfield code="a">Kolb, Franz</subfield>
    <subfield code="3">IT\ICCU\CNCT\006471</subfield>
    <subfield code="4">650</subfield>
  </datafield>
  <datafield tag="790" ind1=" " ind2="1">
    <subfield code="a">Taifel,</subfield>
    <subfield code="b">Giovanni Christophoro</subfield>
    <subfield code="3">IT\ICCU\CNCA\029905</subfield>
    <subfield code="z">Teufel, Johannes Christoph von</subfield>
  </datafield>
  <datafield tag="790" ind1=" " ind2="1">
    <subfield code="a">Tayfel,</subfield>
    <subfield code="b">Giovanni Christophoro</subfield>
    <subfield code="3">IT\ICCU\CNCA\029906</subfield>
    <subfield code="z">Teufel, Johannes Christoph von</subfield>
  </datafield>
  <datafield tag="790" ind1=" " ind2="1">
    <subfield code="a">Teufel de Gunderstorff,</subfield>
    <subfield code="b">Johannes Christophorus</subfield>
    <subfield code="3">IT\ICCU\CNCA\029907</subfield>
    <subfield code="z">Teufel, Johannes Christoph von</subfield>
  </datafield>
  <datafield tag="791" ind1="0" ind2="0">
    <subfield code="a">Kolbio, Francesco</subfield>
    <subfield code="3">IT\ICCU\CNCT\006472</subfield>
    <subfield code="z">Kolb, Franz</subfield>
  </datafield>
  <datafield tag="801" ind1=" " ind2="3">
    <subfield code="a">IT</subfield>
    <subfield code="b">ICCU</subfield>
    <subfield code="c">20201115</subfield>
  </datafield>
  <datafield tag="899" ind1=" " ind2=" ">
    <subfield code="a">Biblioteca comunale Passerini Landi. Piacenza</subfield>
    <subfield code="1">PC0030</subfield>
    <subfield code="2">PIA PL</subfield>
  </datafield>
  <datafield tag="899" ind1=" " ind2=" ">
    <subfield code="a">British Library. London</subfield>
    <subfield code="1">UK0001</subfield>
  </datafield>
</record>
</collection>
